@article {scotti13modeling,
author = {Scotti, Marco and Stella, Lorenzo and Shearer, Emily J. and Stover, Patrick J.},
title = {Modeling cellular compartmentation in one-carbon metabolism},
journal = {Wiley Interdisciplinary Reviews: Systems Biology and Medicine},
publisher = {John Wiley & Sons, Inc.},
issn = {1939-005X},
url = {http://dx.doi.org/10.1002/wsbm.1209},
doi = {10.1002/wsbm.1209},
year = {2013}
}

@article {patrinos14forward,
author = {Patrinos, Panagiotis and Stella, Lorenzo and Bemporad, Alberto},
title = {Forward-backward truncated {N}ewton methods for convex composite optimization},
url = {http://arxiv.org/abs/1402.6655},
journal = {Submitted to Mathematical Programming},
year = {2014}
}

@article {patrinos14douglas,
author = {Patrinos, Panagiotis and Stella, Lorenzo and Bemporad, Alberto},
title = {{D}ouglas-{R}achford splitting: complexity estimates and accelerated variants},
journal = {Submitted},
year = {2014}
}
